<record><leader>00000cas a22000007a 4500</leader><controlfield tag="001">11907357</controlfield><controlfield tag="008">850411c19569999txuwr ne      0   a0eng d</controlfield><datafield ind1=" " ind2=" " tag="010"><subfield code="a">sn 85009848 </subfield></datafield><datafield ind1=" " ind2=" " tag="040"><subfield code="a">NSD</subfield><subfield code="b">eng</subfield><subfield code="c">NSD</subfield><subfield code="d">PPM</subfield><subfield code="d">OCLCQ</subfield></datafield><datafield ind1=" " ind2=" " tag="012"><subfield code="m">1</subfield></datafield><datafield ind1="1" ind2=" " tag="022"><subfield code="a">8750-9199</subfield><subfield code="l">8750-9199</subfield><subfield code="2">1</subfield></datafield><datafield ind1=" " ind2=" " tag="032"><subfield code="a">738390</subfield><subfield code="b">USPS</subfield></datafield><datafield ind1=" " ind2=" " tag="037"><subfield code="b">Farmers Branch Times, P.O. Box 110938, Carrollton, Tex. 75011</subfield></datafield><datafield ind1=" " ind2=" " tag="042"><subfield code="a">nsdp</subfield></datafield><datafield ind1=" " ind2="0" tag="222"><subfield code="a">Farmers Branch times</subfield></datafield><datafield ind1="0" ind2="0" tag="245"><subfield code="a">Farmers Branch times.</subfield></datafield><datafield ind1="1" ind2="7" tag="246"><subfield code="a">Times-chronicle-today</subfield></datafield><datafield ind1=" " ind2=" " tag="260"><subfield code="a">Farmers Branch, Tex. :</subfield><subfield code="b">Nick Sendick</subfield></datafield><datafield ind1=" " ind2=" " tag="310"><subfield code="a">Weekly</subfield></datafield><datafield ind1="1" ind2=" " tag="362"><subfield code="a">Began in 1956?</subfield></datafield><datafield ind1=" " ind2=" " tag="588"><subfield code="a">Description based on: Vol. 1, no. 2 (Apr. 12, 1956).</subfield></datafield><datafield ind1=" " ind2=" " tag="752"><subfield code="a">United States</subfield><subfield code="b">Texas</subfield><subfield code="c">Dallas</subfield><subfield code="d">Farmers Branch.</subfield></datafield><datafield ind1=" " ind2=" " tag="752"><subfield code="a">United States</subfield><subfield code="b">Texas</subfield><subfield code="c">Dallas</subfield><subfield code="d">Carrollton.</subfield></datafield><datafield ind1=" " ind2=" " tag="936"><subfield code="a">Aug. 5, 1984</subfield></datafield><datafield ind1="1" ind2=" " tag="029"><subfield code="a">AU@</subfield><subfield code="b">000025784498</subfield></datafield></record>